@article{goossens93, 
	author = "Michel Goossens and Alexander Samarin",
	title = "The {C}omprehensive {T}ex {A}rchive {N}etwork ({CTAN})",
	year = "1993",
	journal = "TUGBoat",
	volume = "14",
	number = "3",
	pages = "342--351"
}

@article{83BA, 
	author = "Michel Bland and Alexander Altman",
	title = "Who has the munchies now",
	year = "1983",
	journal = "TUGship",
	volume = "11,
	number = "3",
	pages = "352--351"
}

@article{BA83, 
	author = "JM Bland and DG Altman",
	title = "Measurement in Medicine: The Analysis of Method Comparison Studies ",
	year = "1983",
	journal = "JRSSD",
	volume = "14",
	number = "3",
	pages = "342--351"
}

@article{BA86, 
	author = "JM Bland and DG Altman ",
	title = "Statistical methods for assessing agreement between two methods of clinical measurement",
	year = "1986",
	journal = "Journal of Clinical Chemistry",
	volume = "14",
	number = "3",
	pages = "342--351"
}

@article{BA95, 
	author = "JM Bland and DG Altman",
	title = "1995 Statistical methods for assessing agreement between two methods of clinical measurement",
	year = "1995",
	journal = "Journal of Clinical Chemistry",
	volume = "14",
	number = "3",
	pages = "342--351"
}


@article{BA99, 
	author = "JM Bland and DG Altman ",
	title = "1999 Measuring agreement in method comparison studies",
	year = "1999",
	journal = "Statistical Methods in Medical Research",
	volume = "8",
	number = "2",
	pages = "135--160"
}



@article{BB89, 
	author = "Edwin L. Bradley and Larry G. Blackwood ",
	title = "Comparing Paired Data: A Simultaneous Test for Means and Variances",
	year = "1989",
	journal = "The American Statistician",
	volume = "43",
	number = "4",
	pages = "234--235"
}

@article{Bartko, 
	author = "JJ Bartko ",
	title = "Statistical methods clinical measurement",
	year = "1996",
	journal = "Journal of Clinical Chemistry",
	volume = "14",
	number = "3",
	pages = "342--351"
}

@book{DunnSEME,
	author = "Graham Dunn",
	title = "Statistical Evaluation of Measurement Error",
	year = "2002",
	edition = "Second",
	publisher = "American Mathematical Society and Digital Press",
	address = "Stanford"
}

@book{PB,
	author = "Jose C. Pinheiro and Douglas M. Bates",
	title = "Mixed Effects Models in S and S plus",
	year = "1994",
	edition = "Second",
	publisher = "Springer",
	address = "Reading, Massachusetts"
}

